@article{forster1983analysis,
  title={Analysis 1},
  author={Forster, Otto},
  journal={Vieweg, Braunschweig},
  year={1983},
  publisher={Springer}
}

@article{rosenblatt1958perceptron,
  title={The perceptron: a probabilistic model for information storage and organization in the brain.},
  author={Rosenblatt, Frank},
  journal={Psychological review},
  volume={65},
  number={6},
  pages={386},
  year={1958},
  publisher={American Psychological Association}
}

@article{werbos1988generalization,
  title={Generalization of backpropagation with application to a recurrent gas market model},
  author={Werbos, Paul J},
  journal={Neural networks},
  volume={1},
  number={4},
  pages={339--356},
  year={1988},
  publisher={Elsevier}
}

@book{minsky2017perceptrons,
  title={Perceptrons, Reissue of the 1988 Expanded Edition with a new foreword by L{\'e}on Bottou: An Introduction to Computational Geometry},
  author={Minsky, Marvin and Papert, Seymour A},
  year={2017},
  publisher={MIT press}
}

@article{bourlard1990links,
  title={Links between Markov models and multilayer perceptrons},
  author={Bourlard, Herve and Wellekens, Christian J},
  journal={IEEE Transactions on pattern analysis and machine intelligence},
  volume={12},
  number={12},
  pages={1167--1178},
  year={1990},
  publisher={IEEE}
}

@inproceedings{bounds1988multilayer,
  title={A multilayer perceptron network for the diagnosis of low back pain.},
  author={Bounds, David G and Lloyd, Paul J and Mathew, Bruce G and Waddell, Gordon},
  booktitle={ICNN},
  volume={2},
  pages={481--489},
  year={1988}
}

@book{MLPbook,
author = {Rumelhart, and E., David and Mcclelland, James and L., James},
year = {1986},
month = {01},
pages = {},
title = {Parallel distributed processing: explorations in the microstructure of cognition. Volume 1. Foundations}
}

@ARTICLE{radialbasis,  
author={Park, J. and Sandberg, I. W.},  
journal={Neural Computation},   
title={Universal Approximation Using Radial-Basis-Function Networks},   
year={1991},  
volume={3},  
number={2},  
pages={246-257},  
doi={10.1162/neco.1991.3.2.246}}

@article{denker1990transforming,
  title={Transforming neural-net output levels to probability distributions},
  author={Denker, John and LeCun, Yann},
  journal={Advances in neural information processing systems},
  volume={3},
  year={1990}
}